@book{brambilla2012model,
  title={Model-driven software engineering in practice},
  author={Brambilla, Marco and Cabot, Jordi and Wimmer, Manuel},
  journal={Synthesis Lectures on Software Engineering},
  year={2012},
  publisher={Morgan \& Claypool Publishers}
}

@article{schmidt,
  title={Model-Driven Engineering},
  author={Schmidt, Douglas C},
  journal={IEEE Computer},
  volume={39},
  pages={41-47},
  year={2006},
  publisher={IEEE}
}

@inproceedings{alam2013concern2,
  title={Concern-oriented software design},
  author={Alam, Omar and Kienzle, J{\"o}rg and Mussbacher, Gunter},
  booktitle={International Conference on Model Driven Engineering Languages and Systems},
  pages={604--621},
  year={2013},
  organization={Springer}
}

@book{spl,
  title={Software product line engineering: foundations, principles and techniques},
  author={Pohl, Klaus and B{\"o}ckle, G{\"u}nter and van Der Linden, Frank J},
  year={2005},
  publisher={Springer Science \& Business Media}
}